@book{Fowler,
	AUTHOR = "Martin Fowler",
	TITLE = {{Refactoring: Improving the Design of Existing Code}},
	PUBLISHER = "Addison-Wesley",	
	YEAR = "2019"	}



